@misc{Schaffer2_1,
  title={Fast Fourier Transform},
  note={Recuperado de Wikipedia, the free encyclopedia},
  url={https://en.wikipedia.org/wiki/Fast_Fourier_transform},
}


@book{Schaffer2_2,
author={Oppenheim A. Schafer R.},
title={Tratamiento de Señales en Tiempo Discreto},
pages={631-694},
chapter={Cómputo de la Transformada Discreta de Fourier},
publisher={Prentice Hall},
year={2000},
address={España},
}

@book{Meyer2_1,
author={Meyer-Baese U},
title={Digital Signal Processing with Field Programmable Gate Arrays},
pages={343-400},
chapter={Fourier Transform},
publisher={Springer-Verlag},
year={2007},
address={Berlin},
}

@book{Schaffer2_3,
author={Oppenheim A. Schafer R.},
title={Tratamiento de Señales en Tiempo Discreto},
pages={543-572},
chapter={La Transformada Discreta de Fourier},
publisher={Prentice Hall},
year={2000},
address={España},
}

@book{Meyer2_2,
author={Meyer-Baese U},
title={Digital Signal Processing with Field Programmable Gate Arrays},
pages={363-373},
chapter={Fourier Transform},
publisher={Springer-Verlag},
year={2007},
address={Berlin},
}

@book{Prasad2_1,
author={Prasad R.},
title={OFDM for Wireless Communication Systems},
pages={11-15},
chapter={Orthogonal Frequency-Division Multiplexing},
publisher={Artech House},
year={2004},
address={UK},
}

@article{Burrus,
author={Burrus C.},
journal={IEEE Transactions on Acoustics, Speed and Signal Processing},
title={Index Mapping for Multidimensional Formulation of the DFT Convolution},
year={1977},
volume={25},
number={3},
pages={239-242},
keywords={Multidimensional systems, Convolution, Discrete Fourier transforms, Fast Fourier transforms, Mathematics, Sufficient conditions, Algorithm design and analysis, Signal processing algorithms, Signal mapping, Acoustics},
doi={10.1109/TASSP.1977.1162938},
ISSN={0096-3518},
month={6},
}

@book{Meyer3_1,
author={Meyer-Baese U},
title={Digital Signal Processing with Field Programmable Gate Arrays},
pages={343-344},
chapter={Fourier Transform},
publisher={Springer-Verlag},
year={2007},
address={Berlin},
}

@book{Meyer_Goerts,
author={Meyer-Baese U},
title={Digital Signal Processing with Field Programmable Gate Arrays},
pages={349-350},
chapter={Fourier Transform},
publisher={Springer-Verlag},
year={2007},
address={Berlin},
}

@book{Meyer_CZT,
author={Meyer-Baese U},
title={Digital Signal Processing with Field Programmable Gate Arrays},
pages={350-353},
chapter={Fourier Transform},
publisher={Springer-Verlag},
year={2007},
address={Berlin},
}

@article{WinoConv,
author={Winograd S.},
journal={Mathematic of Computation},
title={On Computing the Discrete Fourier Transform},
year={1978},
volume={32},
number={141},
pages={175-199},
ISSN={0025-5718},
month={1},
}

@book{Rader,
author={Meyer-Baese U},
title={Digital Signal Processing with Field Programmable Gate Arrays},
pages={353-355},
chapter={Fourier Transform},
publisher={Springer-Verlag},
year={2007},
address={Berlin},
}

@book{gener,
author={Meyer-Baese U},
title={Digital Signal Processing with Field Programmable Gate Arrays},
pages={67},
chapter={Fourier Transform},
publisher={Springer-Verlag},
year={2007},
address={Berlin},
}

@book{Meyer_Kron,
author={Meyer-Baese U},
title={Digital Signal Processing with Field Programmable Gate Arrays},
pages={375-376},
chapter={Fourier Transform},
publisher={Springer-Verlag},
year={2007},
address={Berlin},
}

@book{radix_meyer,
author={Meyer-Baese U},
title={Digital Signal Processing with Field Programmable Gate Arrays},
pages={365-366},
chapter={Fourier Transform},
publisher={Springer-Verlag},
year={2007},
address={Berlin},
}

@article{torkelson,
author={Shousheng H. Torkelson M.},
journal={International Parallel Processing Symposium},
title={A New Approach to Pipeline FFT Processor},
year={1996},
keywords={Pipelines, Computer architecture, Very large scale integration, Delay, Flow graphs, Computational modeling, Hardware design languages},
doi={10.1109/IPPS.1996.508145},
ISBN={0-8186-7255-2},
month={4},
}

@misc{Volder,
  author = {Volder J.},
  title = {The Cordic Computer Technique},
  editor =	{IRE. Trans. Elect. Comput.},
  year = {1959},
}

@article{BKM,
author={Bajard J.C., Kla S., Muller J.C.},
journal={IEEE Transactions on Computers},
title={BKM: A New Hardware Algorithm for Complex Elementary Functions},
year={1994},
volume={43},
number={8},
pages={955-962},
keywords={Computer arithmetic, elementary functions,
cordic, redundant number systems. },
doi={10.1109/ARITH.1993.378098},
ISBN={0-8186-3862-1},
month={6},
}

@book{Shannon,
author={Proakis J., Manolakis D.},
title={Digital Signal Processing. Principles, Algorithms and Applications},
pages={29-33},
chapter={The Sampling Theorem},
publisher={Prentice-Hall},
year={1997},
address={USA},
}

@misc{KISSFFT,
  title={Kiss FFT is a very small, 
reasonably efficient, mixed radix FFT library that can use either fixed or floating point data
types.},
  url={https://sourceforge.net/projects/kissfft/?source=navbar},
}

@misc{fftXilinx,
  title={LogiCORE IP Fast Fourier Transform v7.1.},
  author={Xilinx},
  year={2011},
}
